@incollection {Alg,
  title={Introduction To Algorithms},
  author={Thomas H. Cormen, Charles E. Leiserson, Ronald L. Rivest, Clifford Strein},
  booktitle={Introduction to Algorithms 3rd Edition},
  pages={428--435},
  year={2010},
  publisher={MIT Press},
}


